% multiple authors: name, surname and name, surname

@inbook{INBOOK:1,
  author       = {Kai Hormann},
  title        = {Geometry Processing},
  pages        = {593-606},
  publisher    = {Springer, Berlin, Heidelberg},
  year         = 2015
}

@BOOK{BOOK:1,
  author       = {Mario Botsch, Leif Kobbelt, Mark Pauly, Pierre Alliez, Bruno Lévy},
  title        = {Polygon Mesh Processing},
  publisher    = {A K Peters, Ltd.},
  year         = 2010
}


@MISC{WEBSITE:1,
  HOWPUBLISHED = "\url{https://www.redblobgames.com/x/1730-terrain-shader-experiments}",
  AUTHOR = "Amit Patel",
  TITLE = "Red Blob Games",
  MONTH = "Jul",
  YEAR = "2017",
  NOTE = "Accessed on 2018-03-03"
}

@REPORT{REPORT:localbarycentricoordsepfl,
    author    = {J., Zhang and B.,  Deng and Z., Liu and G., Patanè and S., Bouaziz and K., Hormann and L., Liu},
    title     = {Local Barycentric Coordinates},
    institution = {University of Science and Technology of China, Ecole polytechnique fédérale de Lausanné, CNR - Istituto di Matematica Applicata e Tecnologie Informatiche, Università della Svizzera italiana},
    year      = {2014},
}

@MISC{WEBSITE:scratchapixel,
  HOWPUBLISHED = {Scratchapixel 2.0 \url{https://www.scratchapixel.com/lessons/3d-basic-rendering/ray-tracing-rendering-a-triangle/barycentric-coordinates}},
  AUTHOR = {Scratchapixel 2.0},
  TITLE = {Ray Tracing: Rendering a Triangle}
}

@MISC{SLIDE:ICORSI,
  HOWPUBLISHED = {iCorsi3},
  AUTHOR = {Kai, Hormann},
  TITLE = {Slide of course Computer Graphics}
}