@BOOK{BOOK:1,
AUTHOR="Mario Botsch, Leif Kobbelt, Mark Pauly, Pierre Alliez, Bruno LÃ©vy",
TITLE="Polygon Mesh Processing",
PUBLISHER="A K Peters, Ltd.",
YEAR="2010",
}

@inbook{INBOOK:1,
  author       = {Kai Hormann},
  title        = {Geometry Processing},
  pages        = {593-606},
  publisher    = {Springer, Berlin, Heidelberg},
  year         = 2015
}


@MISC{WEBSITE:1,
	HOWPUBLISHED = "\url{https://www.redblobgames.com/x/1730-terrain-shader-experiments}",
	AUTHOR = "Amit Patel",
	TITLE = "Red Blob Games",
	MONTH = "Jul",
	YEAR = "2017",
	NOTE = "Accessed on 2018-03-03"
}